@article{Reed1960,
    title = {{Polynomial Codes Over Certain Finite Fields}},
    year = {1960},
    journal = {Journal of the Society for Industrial and Applied Mathematics},
    author = {Reed, I. S. and Solomon, G.},
    number = {2},
    pages = {300--304},
    volume = {8},
    isbn = {0368-4245},
    doi = {10.1137/0108018},
    issn = {0368-4245},
    keywords = {citation doi, issn advanced search}
}

\bibdata
@Book{Rynne2008LinearAnalysis,
  Title                    = {{Linear functional analysis}},
  Author                   = {Rynne, Bryan P. and Youngson, Martin A.},
  Publisher                = {Springer},
  Year                     = {2008},

  Address                  = {London :},

  ISBN                     = {9781848000049},
  Pages                    = {324},
  Url                      = {https://ru.on.worldcat.org/oclc/234775031}
}
@article{Oort1958,
    title = {{Reports on the Progress of Astronomy the Galactic System as a Spiral Nebula}},
    year = {1958},
    journal = {Monthly Notices of the Royal Astronomical Society},
    author = {Oort, J. H. and Kerr, F. J. and Westerhout, G.},
    number = {4},
    month = {8},
    pages = {379--389},
    volume = {118},
    url = {https://academic.oup.com/mnras/article-lookup/doi/10.1093/mnras/118.4.379},
    doi = {10.1093/mnras/118.4.379},
    issn = {0035-8711}
}
@article{TiNi,
author = {K. Otsuka, X. Ren},
title = {Physical metallurgy of Ti–Ni-based
shape memory alloys},
journal = {Science Direct},
year = {2005},
volume = {50},
pages = {511--678},
doi = {10.1016/j.pmatsci.2004.10.001},
issn = {0079-6425}
}
@Book{ThinFilm,
  Author = {Shuichi Miyazaki, Y Q Fu and W. M. Huang},
  Title = {Thin Film Shape Memory Alloys},
  Publisher = {Cambridge University Press},
  Year = {2009},
  Address = {New York},
  ISBN = {978-0-511-63491-8},
  Url = {https://www.cambridge.org/9780521885768}
}
@article{HTSMA,
author = {J. Ma, I. Karaman and R. D. Noebe},
title = {High temperature shape memory alloys},
journal = {International Materials Review},
year = {2010},
volume = {55},
number = {5},
pages = {257--315},
doi = {10.1016/j.pmatsci.2004.10.001},
issn = {0079-6425/$}
}
@PhdThesis{Santamarta,
author = {R. Santamarta},
title = {Caracterización de aleaciones en base Ni-Ti producidas por solidificación rápida (Melt-Spinning)},
school = {Universitat de les Illes Balears},
year = {2001}
}
@MastersThesis{Malvasio,
author = {B. F. Malvasio},
title = {Crecimiento y caracterización de láminas delgadas con memoria de forma de Ni-Ti mediante sputtering},
school = {Universidad Nacional de Rosario},
year = {2017},
OPTmonth = {Marzo}
}
@Article{Story,
author = {George B. Kauffman, Isaac Mayo},
title = {The Story of Nitinol:
The Serendipitous
Discovery of the
Memory Metal and
Its Applications},
journal = {The Chemical Educator},
year = {1996},
OPTvolume = {2},
OPTnumber = {2},
doi = {1 0.1007/s00897 970111 a},
issn = {1430-4171}
}
@Article{NiTiZr,
author = {A.M. Pérez-Sierra et al},
title = {Stability of a Ni-rich Ni-Ti-Zr high temperature shape memory alloy upon
low temperature aging and thermal cycling},
journal = {Scripta Materiala},
year = {2016},
OPTvolume = {124},
OPTnumber = {•},
OPTpages = {47-50},
OPTmonth = {June},
doi = {https://doi.org/10.1016/j.scriptamat.2016.06.029} 
}
@InBook{Engineering,
ALTauthor = {Constantino Menna, Fernando Auricchio, Domenico Asprone},
title = {Shape Memory Alloy Engineering},
chapter = {Chapter 13 - Applications of Shape Memory Alloys in Structural Engineering},
publisher = {Elsevier},
year = {2015},
OPTpages = {369-403},
ISBN = {978-0-08-099920-3},
doi = {https://doi.org/10.1016/C2012-0-07151-7}
}
@book{transformation,
   title =     {Martensitic Transformation},
   author =    {Zenji Nishiyama (Auth.)},
   publisher = {Academic Press Inc},
   isbn =      {978-0-12-519850-9},
   year =      {1978},
   series =    {},
   edition =   {},
   volume =    {},
   url =       {http://gen.lib.rus.ec/book/index.php?md5=4a39a2864b823bdbb5a5891668127a23}
}
@article{Rubber,
    title = {{Origin of rubber-like behaviourin metal alloys},
    year = {1997},
    journal = {Nature},
    author = {Xiaobing Ren and Kazuhiro Otsuka},
    month = {10},
    pages = {579--582},
    volume = {389},
    url = {https://doi.org/10.1038/39277},
    doi = {10.1038/39277},
    issn = {1476-4687}
}


